@article {baranovskii2014pssb,
author = "S. D. Baranovskii",
title = "Theoretical description of charge transport in disordered organic semiconductors",
year = "2014",
journal = "Phys. Status Solidi B",
volume = "251",
pages = "487-525",
doi = "10.1002/pssb.201350339",
publisher = "Wiley",
}

@article {groves2017rpp,
author = "C. Groves",
title = "Simulating charge transport in organic semiconductors: a review",
year = "2017",
journal = "Rep. Prog. Phys.",
volume = "80",
pages = "026502",
doi = "10.1088/1361-6633/80/2/026502",
publisher = "IOP Publishing Ltd.",
}

@article {heiber2018joss,
author = "Michael C. Heiber",
title = "{Ising\_OPV} v4.0: Experimental Tomography Data Import, Interpretation, and Analysis",
year = "2019",
journal = "J. Open Source Software",
volume = "3",
pages = "1072",
doi = "10.21105/joss.01072",
publisher = "",
}

@incollection {heiber2019chapter,
author = "Michael C. Heiber and Alex Wagenpfahl and Carsten Deibel",
title = "Advances in Modeling the Physics of Disordered Organic Electronic Devices",
editor = "Oksana Ostroverkhova",
booktitle = "Handbook of Organic Materials for Electronic and Photonic Devices (Second Edition)",
edition = "Second Edition",
series = "Woodhead Publishing Series in Electronic and Optical Materials",
publisher = "Woodhead Publishing",
year = "2019",
chapter = "10",
pages = "309-347",
isbn = "978-0-08-102284-9",
url = "http://www.sciencedirect.com/science/article/pii/B9780081022849000103",
doi = "10.1016/B978-0-08-102284-9.00010-3",
}

@article {heiber2019joss,
author = "Michael C. Heiber",
title = "{KMC\_Lattice} v2.0: An Object-Oriented {C++} Library for Custom Kinetic {M}onte {C}arlo Simulations",
year = "2019",
journal = "J. Open Source Software",
volume = "4",
pages = "1168",
doi = "10.21105/joss.01168",
publisher = "",
}

@misc{heiber2020excimontec1.0.0,
author = "Michael C. Heiber",
title = "Excimontec v1.0: An Open-Source Software Tool for Kinetic {M}onte {C}arlo Simulations of Organic Electronic Devices",
year = "2020",
doi = "10.5281/zenodo.4008122",
url = "https://doi.org/10.5281/zenodo.4008122",
}

@article {zuo2019aem,
author = "Guangzheng Zuo and Hassan Abdalla and Martijn Kemerink",
title = "Conjugated Polymer Blends for Organic Thermoelectrics",
year = "2019",
journal = "Adv. Energy Mater.",
volume = "5",
pages = "1800821",
doi = "10.1002/aelm.201800821",
publisher = "Wiley",
}
