@article {baessler1993pssb,
author = "H. B{\"{a}}ssler",
title = "Charge Transport in Disordered Organic Photoconductors",
year = "1993",
journal = "Phys. Status Solidi B",
volume = "175",
pages = "15-56",
doi = "10.1002/pssb.2221750102",
publisher = "Wiley",
}

@article {baranovskii2014pssb,
author = "S. D. Baranovskii",
title = "Theoretical description of charge transport in disordered organic semiconductors",
year = "2014",
journal = "Phys. Status Solidi B",
volume = "251",
pages = "487-525",
doi = "10.1002/pssb.201350339",
publisher = "Wiley",
}

@article {bortz1974prb,
author = "A. B. Bortz and M. H. Kalos and J. L. Lebowitz and M. A. Zendejas",
title = "Time evolution of a quenched binary alloy: Computer simulation of a two-dimensional model system",
year = "1974",
journal = "Phys. Rev. B",
volume = "10",
pages = "535-541",
doi = "10.1103/PhysRevB.10.535",
publisher = "American Physical Society",
}

@article {coropceanu2017jpcc,
author = "Veaceslav Coropceanu and Jean-Luc Br\'edas and Shafigh Mehraeen",
title = "Impact of Active Layer Morphology on Bimolecular Recombination Dynamics in Organic Solar Cells",
year = "2017",
journal = "J. Phys. Chem. C",
volume = "121",
pages = "24954-24961",
doi = "10.1021/acs.jpcc.7b07768",
publisher = "American Chemical Society",
}

@article {deibel2009prl,
author = "Carsten Deibel and Thomas Strobel and Vladimir Dyakonov",
title = "Origin of the Efficient Polaron-Pair Dissociation in Polymer-Fullerene Blends",
year = "2009",
journal = "Phys. Rev. Lett.",
volume = "103",
pages = "036402",
doi = "10.1103/PhysRevLett.103.036402",
publisher = "American Physical Society",
}

@article {dexter1953jcp,
author = "D. L. Dexter",
title = "A Theory of Sensitized Luminescence in Solids",
year = "1953",
journal = "J. Chem. Phys.",
volume = "21",
pages = "836-859",
doi = "10.1063/1.1699044",
publisher = "American Institute of Physics",
}

@article {forster1948,
author = "T. F{\"o}rster",
title = "Zwischenmolekulare Energiewanderung und Fluoreszenz",
year = "1948",
journal = "Ann. Phys.",
volume = "437",
pages = "55-75",
doi = "10.1002/andp.19484370105"
}

@article {gagorik2015afm,
author = "Adam G. Gagorik and Jacob W. Mohin and Tomasz Kowalewski and Geoffrey R. Hutchison",
title = "Effects of Delocalized Charge Carriers in Organic Solar Cells: Predicting Nanoscale Device Performance from Morphology",
year = "2015",
journal = "Adv. Funct. Mater.",
volume = "25",
pages = "1996-2003",
doi = "10.1002/adfm.201402332",
publisher = "Wiley",
}

@article {gartstein1995cpl,
author = "Yu. N. Gartstein and E. M. Conwell",
title = "High-field hopping mobility in molecular systems with spatially correlated energetic disorder",
year = "1995",
journal = "Chem. Phys. Lett.",
volume = "245",
pages = "351-358",
doi = "10.1016/0009-2614(95)01031-4",
publisher = "Elsevier",
}

@article {gillespie1976jcp,
author = "Daniel T. Gillespie",
title = "A general method for numerically simulating the stochastic time evolution of coupled chemical reactions",
year = "1976",
journal = "J. Comp. Phys.",
volume = "22",
pages = "403-434",
doi = "10.1016/0021-9991(76)90041-3",
publisher = "Elsevier",
}

@article {heiber2012jcp,
author = "Michael C. Heiber and Ali Dhinojwala",
title = "Dynamic {M}onte {C}arlo Modeling of Exciton Dissociation in Organic Donor-Acceptor Solar Cells",
year = "2012",
journal = "J. Chem. Phys.",
volume = "137",
pages = "014903",
doi = "10.1063/1.4731698",
publisher = "American Institute of Physics",
}

@article {heiber2015prl,
author = "Michael C. Heiber and Christoph Baumbach and Vladimir Dyakonov and Carsten Deibel",
title = "Encounter-Limited Charge-Carrier Recombination in Phase-Separated Organic Semiconductor Blends",
year = "2015",
journal = "Phys. Rev. Lett.",
volume = "114",
pages = "136602",
doi = "10.1103/PhysRevLett.114.136602",
publisher = "American Physical Society",
}

@article {heiber2016prb,
author = "Michael C. Heiber and Thuc-Quyen Nguyen and Carsten Deibel",
title = "Charge carrier concentration dependence of encounter-limited bimolecular recombination in phase-separated organic semiconductor blends",
year = "2016",
journal = "Phys. Rev. B",
volume = "93",
pages = "205204",
doi = "10.1103/PhysRevB.93.205204",
publisher = "American Physical Society",
}

@article {heiber2017prapp2,
author = "Michael C. Heiber and Klaus Kister and Andreas Baumann and Vladimir Dyakonov and Carsten Deibel and Thuc-Quyen Nguyen",
title = "Impact of Tortuosity on Charge-Carrier Transport in Organic Bulk Heterojunction Blends",
year = "2017",
journal = "Phys. Rev. Appl.",
volume = "8",
pages = "054043",
doi = "10.1103/PhysRevApplied.8.054043",
publisher = "American Physical Society",
}

@article {heiber2018joss,
author = "Michael C. Heiber",
title = "{Ising\_OPV} v4.0: Experimental Tomography Data Import, Interpretation, and Analysis",
year = "2018",
journal = "J. Open Source Software",
volume = "3",
pages = "1072",
doi = "10.21105/joss.01072",
publisher = "",
}

@incollection {heiber2019chapter,
author = "Michael C. Heiber and Alex Wagenpfahl and Carsten Deibel",
title = "Advances in Modeling the Physics of Disordered Organic Electronic Devices",
editor = "Oksana Ostroverkhova",
booktitle = "Handbook of Organic Materials for Electronic and Photonic Devices",
edition = "2",
series = "Woodhead Publishing Series in Electronic and Optical Materials",
publisher = "Woodhead Publishing",
year = "2019",
chapter = "10",
address = "",
}

@article {heiber2019joss,
author = "Michael C. Heiber",
title = "{KMC\_Lattice} v2.0: An Object-Oriented {C++} Library for Custom Kinetic {M}onte {C}arlo Simulations",
year = "2019",
journal = "J. Open Source Software",
volume = "4",
pages = "1168",
doi = "10.21105/joss.01168",
publisher = "",
}

@article {kordt2014jctc,
author = "Pascal Kordt and Ole Stenzel and Bj{\"o}rn Baumeier and Volker Schmidt and Denis Andrienko",
title = "Parametrization of Extended Gaussian Disorder Models from Microscopic Charge Transport Simulations",
year = "2014",
journal = "J. Chem. Theory Comput.",
volume = "10",
pages = "2508â€“2513",
doi = "10.1021/ct500269r",
publisher = "American Chemical Society",
}

@article {mackenzie2011jpcc,
author = "Roderick C. I. Mac{K}enzie and Thomas Kirchartz and George F. A. Dibb and Jenny Nelson",
title = "Modeling Nongeminate Recombination in {P3HT:PCBM} Solar Cells",
year = "2011",
journal = "J. Phys. Chem. C",
volume = "115",
pages = "9806-9813",
doi = "10.1021/jp200234m",
publisher = "American Chemical Society",
}

@article {marcus1956jcp,
author = "R. A. Marcus",
title = "On the Theory of Oxidation-Reduction Reactions Involving Electron Transfer. I",
year = "1956",
journal = "J. Chem. Phys.",
volume = "24",
pages = "966-978",
doi = "10.1063/1.1742723",
publisher = "American Institute of Physics",
}

@article {miller1960pr,
author = "Allen Miller and Elihu Abrahams",
title = "Impurity Conduction at Low Concentrations",
year = "1960",
journal = "Phys. Rev.",
volume = "120",
pages = "745-755",
doi = "10.1103/PhysRev.120.745",
publisher = "American Physical Society",
}

@article {nelson2003prb,
author = "Jenny Nelson",
title = "Diffusion-limited recombination in polymer-fullerene blends and its influence on photocurrent collection",
year = "2003",
journal = "Phys. Rev. B",
volume = "67",
pages = "155209",
doi = "10.1103/PhysRevB.67.155209",
publisher = "American Physical Society",
}

@article {novikov1998prl,
author = "S. V. Novikov and D. H. Dunlap and V. M. Kenkre and P. E. Parris and A. V. Vannikov",
title = "Essential Role of Correlations in Governing Charge Transport in Disordered Organic Materials",
year = "1998",
journal = "Phys. Rev. Lett.",
volume = "81",
pages = "4472-4475",
doi = "10.1103/PhysRevLett.81.4472",
publisher = "American Physical Society",
}

@article {vanderholst2011prb,
author = "J. J. M. van der Holst and F. W. A. van Oost and R. Coehoorn and P. A. Bobbert",
title = "Monte {C}arlo study of charge transport in organic sandwich-type single-carrier devices: Effects of {C}oulomb interactions",
year = "2011",
journal = "Phys. Rev. B",
volume = "83",
pages = "085206",
doi = "10.1103/PhysRevB.83.085206",
publisher = "American Physical Society",
}

@article {vissenberg1998prb,
author = "M. C. J. M. Vissenberg and M. Matters",
title = "Theory of field-effect mobility in amorphous organic transistors",
year = "1998",
journal = "Phys. Rev. B",
volume = "57",
pages = "12964-12967",
doi = "10.1103/PhysRevB.57.12964",
publisher = "American Physical Society",
}

@article {zuo2019aem,
author = "Guangzheng Zuo and Hassan Abdalla and Martijn Kemerink",
title = "Conjugated Polymer Blends for Organic Thermoelectrics",
year = "2019",
journal = "Adv. Energy Mater.",
volume = "",
pages = "1800821",
doi = "10.1002/aelm.201800821",
publisher = "Wiley",
}
